@article{lu2014recognizing,
  title={Recognizing objects in 3D point clouds with multi-scale local features},
  author={Lu, Min and Guo, Yulan and Zhang, Jun and Ma, Yanxin and Lei, Yinjie},
  journal={Sensors},
  volume={14},
  number={12},
  pages={24156--24173},
  year={2014},
  publisher={Multidisciplinary Digital Publishing Institute}
}

@article{guo20143d,
	title={3D object recognition in cluttered scenes with local surface features: a survey},
	author={Guo, Yulan and Bennamoun, Mohammed and Sohel, Ferdous and Lu, Min and Wan, Jianwei},
	journal={IEEE Transactions on Pattern Analysis and Machine Intelligence},
	volume={36},
	number={11},
	pages={2270--2287},
	year={2014},
	publisher={IEEE}
}

@inproceedings{li20173d,
	title={3d fully convolutional network for vehicle detection in point cloud},
	author={Li, Bo},
	booktitle={2017 IEEE/RSJ International Conference on Intelligent Robots and Systems (IROS)},
	pages={1513--1518},
	year={2017},
	organization={IEEE}
}

@inproceedings{huang2016point,
	title={Point cloud labeling using 3d convolutional neural network},
	author={Huang, Jing and You, Suya},
	booktitle={2016 23rd International Conference on Pattern Recognition (ICPR)},
	pages={2670--2675},
	year={2016},
	organization={IEEE}
}

@article{geiger2013vision,
	title={Vision meets robotics: The KITTI dataset},
	author={Geiger, Andreas and Lenz, Philip and Stiller, Christoph and Urtasun, Raquel},
	journal={The International Journal of Robotics Research},
	volume={32},
	number={11},
	pages={1231--1237},
	year={2013},
	publisher={Sage Publications Sage UK: London, England}
}

@inproceedings{qi2017pointnet,
	title={Pointnet: Deep learning on point sets for 3d classification and segmentation},
	author={Qi, Charles R and Su, Hao and Mo, Kaichun and Guibas, Leonidas J},
	booktitle={Proceedings of the IEEE Conference on Computer Vision and Pattern Recognition},
	pages={652--660},
	year={2017}
}

@inproceedings{wu20153d,
	title={3d shapenets: A deep representation for volumetric shapes},
	author={Wu, Zhirong and Song, Shuran and Khosla, Aditya and Yu, Fisher and Zhang, Linguang and Tang, Xiaoou and Xiao, Jianxiong},
	booktitle={Proceedings of the IEEE conference on computer vision and pattern recognition},
	pages={1912--1920},
	year={2015}
}

@inproceedings{qi2017pointnet++,
	title={Pointnet++: Deep hierarchical feature learning on point sets in a metric space},
	author={Qi, Charles Ruizhongtai and Yi, Li and Su, Hao and Guibas, Leonidas J},
	booktitle={Advances in neural information processing systems},
	pages={5099--5108},
	year={2017}
}

@article{atzmon2018point,
	title={Point convolutional neural networks by extension operators},
	author={Atzmon, Matan and Maron, Haggai and Lipman, Yaron},
	journal={arXiv preprint arXiv:1803.10091},
	year={2018}
}

@article{wang2019dynamic,
	title={Dynamic graph cnn for learning on point clouds},
	author={Wang, Yue and Sun, Yongbin and Liu, Ziwei and Sarma, Sanjay E and Bronstein, Michael M and Solomon, Justin M},
	journal={ACM Transactions on Graphics (TOG)},
	volume={38},
	number={5},
	pages={146},
	year={2019},
	publisher={ACM}
}